@ARTICLE{8509143,
  author={Alzhouri, Fadi and Agarwal, Anjali and Liu, Yan},
  journal={IEEE Transactions on Cloud Computing}, 
  title={Maximizing Cloud Revenue using Dynamic Pricing of Multiple Class Virtual Machines}, 
  year={2021},
  volume={9},
  number={2},
  pages={682-695},
  doi={10.1109/TCC.2018.2878023}}

@article{DBLP:journals/corr/SchulmanWDRK17,
  author       = {John Schulman and
                  Filip Wolski and
                  Prafulla Dhariwal and
                  Alec Radford and
                  Oleg Klimov},
  title        = {Proximal Policy Optimization Algorithms},
  journal      = {CoRR},
  volume       = {abs/1707.06347},
  year         = {2017},
  url          = {http://arxiv.org/abs/1707.06347},
  eprinttype    = {arXiv},
  eprint       = {1707.06347},
  timestamp    = {Mon, 13 Aug 2018 16:47:34 +0200},
  biburl       = {https://dblp.org/rec/journals/corr/SchulmanWDRK17.bib},
  bibsource    = {dblp computer science bibliography, https://dblp.org}
}

@article{DBLP:journals/corr/abs-1802-01561,
  author       = {Lasse Espeholt and
                  Hubert Soyer and
                  R{\'{e}}mi Munos and
                  Karen Simonyan and
                  Volodymyr Mnih and
                  Tom Ward and
                  Yotam Doron and
                  Vlad Firoiu and
                  Tim Harley and
                  Iain Dunning and
                  Shane Legg and
                  Koray Kavukcuoglu},
  title        = {{IMPALA:} Scalable Distributed Deep-RL with Importance Weighted Actor-Learner
                  Architectures},
  journal      = {CoRR},
  volume       = {abs/1802.01561},
  year         = {2018},
  url          = {http://arxiv.org/abs/1802.01561},
  eprinttype    = {arXiv},
  eprint       = {1802.01561},
  timestamp    = {Mon, 13 Aug 2018 16:46:52 +0200},
  biburl       = {https://dblp.org/rec/journals/corr/abs-1802-01561.bib},
  bibsource    = {dblp computer science bibliography, https://dblp.org}
}